<?xml version="1.0" encoding="UTF-8"?><collection xmlns="http://www.loc.gov/MARC21/slim"><record><leader>00379nam--2200133-i-4500</leader><controlfield tag="001">000034456</controlfield><controlfield tag="002">20161230</controlfield><controlfield tag="005">20161230201040</controlfield><controlfield tag="008">060222s1000------------r-----000-0-eng-d</controlfield><datafield ind1=" " ind2=" " tag="100"><subfield code="a">Nicolau, Ed</subfield></datafield><datafield ind1=" " ind2=" " tag="245"><subfield code="a">Culegere de probleme de propagare a undelor de radio</subfield></datafield><datafield ind1=" " ind2=" " tag="260"><subfield code="a">Bucuresti, Lit.Inst.Polit., 1954. 136p.Lito</subfield></datafield><datafield ind1=" " ind2=" " tag="490"><subfield code="a">Inst.Politehnic, Cat.De Electronica</subfield></datafield><datafield ind1=" " ind2=" " tag="852"><subfield code="a">4043</subfield></datafield></record></collection>